@article{Lazzari:vi0158,
author = "Lazzari, R{\'{e}}mi",
title = "{{\it IsGISAXS}: a program for grazing-incidence small-angle X-ray scattering analysis of supported islands}",
journal = "Journal of Applied Crystallography",
year = "2002",
volume = "35",
number = "4",
pages = "406--421",
month = "Aug",
doi = {10.1107/S0021889802006088},
url = {http://dx.doi.org/10.1107/S0021889802006088}
}

@article{IsGISAXSManual,
author = "Lazzari, R{\'{e}}mi",
title = "{{\it IsGISAXS}: a program for grazing-incidence small-angle X-ray scattering analysis of supported islands}",
url = {http://ln-www.insp.upmc.fr/axe4/Oxydes/IsGISAXS/figures/doc/manual.html}
}


@article{PhysRevB.76.125411,
  title = {Grazing-incidence small-angle x-ray scattering from dense packing of islands on surfaces: Development of distorted wave Born approximation and correlation between particle sizes and spacing},
  author = {Lazzari, R\'emi and Leroy, Fr\'ed\'eric and Renaud, Gilles},
  journal = {Phys. Rev. B},
  volume = {76},
  issue = {12},
  pages = {125411},
  numpages = {14},
  year = {2007},
  month = {Sep},
  doi = {10.1103/PhysRevB.76.125411},
  url = {http://link.aps.org/doi/10.1103/PhysRevB.76.125411},
  publisher = {American Physical Society}
}

@Book{Pythonref,
 author    = "Mark {Lutz}",
 title     = "Python pocket reference",
 publisher = "O'Reilly media",
 year      =  2009,
 edition   = "fourth edition"
}

@Book{Cppref,
 author    = "Kyle {Loudon}",
 title     = "C++ pocket reference",
 publisher = "O'Reilly media",
 year      =  2008
}

@misc{MinuitURL,
  title = {Minuit user's guide},
  howpublished = {\url{http://seal.web.cern.ch/seal/documents/minuit/mnusersguide.pdf}}
}

@misc{NumPyURL,
  howpublished = {\url{http://www.numpy.org/}}
}

@misc{GSLMultiMinURL,
  howpublished = {\url{http://www.gnu.org/software/gsl/manual/html_node/Multidimensional-Minimization.html}}
}

@misc{GSLMultiFitURL,
  howpublished = {\url{http://www.gnu.org/software/gsl/manual/html_node/Nonlinear-Least_002dSquares-Fitting.html#Nonlinear-Least_002dSquares-Fitting}}
}

@misc{GSLSimAnURL,
  howpublished = {\url{http://www.gnu.org/software/gsl/manual/html_node/Simulated-Annealing.html}}
}

@misc{TMVAURL,
  howpublished = {\url{http://tmva.sourceforge.net/docu/TMVAUsersGuide.pdf}}
}

@misc{MinuitBasicConcept,
  howpublished = {\url{http://root.cern.ch/root/html/TMinuit.html#TMinuit:Basic%20Concepts%20of%20Minuit}}
}

@book{Chong_IntroOptim,
  title = {An introduction to optimization},
  author = {E. K. P. Chong and S. H. Zak},
  publisher = {Interscience},
  year = {2004}
}

@misc{mntutorial,
 howpublished = {\url{http://seal.web.cern.ch/seal/documents/minuit/mntutorial.pdf}}
}

@inproceedings{James1980,
  title = {Determining the statistical significance of experimental results},
  author = {James, F},
  booktitle = {6th CERN School of Computing, Vraona-Attiki, Greece, 14 - 27 Sep 1980}, 
  pages = {182-219},
  year = 1980
}

@misc{mnerror,
howpublished = {\url{http://seal.web.cern.ch/seal/documents/minuit/mnerror.pdf}}
}

@misc{minuitv94.1,
howpublished = {\url{http://hep.fi.infn.it/minuit.pdf}}
}

@book{Antoniou2007,
  title = {Practical Optimization},
  author = {A. Antoniou and W.-S. Lu},
  publisher = {Springer US},
  year = {2007}
}

@book{MathPhysEng,
  title = {Mathematical Methods for Physics and Engineering: A Comprehensive Guide},
  author = {K. F. Riley and M. P. Hobson and S. J. Bence},
  publisher = {Cambridge University Press},
  year = 2006
}
